@MISC{B1,
   title     = {{Node JS}},
   note      = {https://nodejs.org/es/docs/}
}

@MISC{B2,
   title     = {{Gulp JS}},
   note      = {https://gulpjs.com/}
}

@MISC{B3,
   title     = {{Github REST API V3}},
   note      = {https://developer.github.com/v3/}
}

@MISC{B4,
   title     = {{Documentaci√≥n de Octokit - Rest JS}},
   note      = {https://octokit.github.io/rest.js/}
}

@MISC{B5,
   title     = {{Passport JS}},
   note      = {http://www.passportjs.org/docs/}
}

@MISC{B6,
   title     = {{Express JS}},
   note      = {http://expressjs.com/es/}
}

@MISC{B7,
   title     = {{Pug JS}},
   note      = {https://pugjs.org/api/getting-started.html}
}

@MISC{B8,
   title     = {{Mongoose JS}},
   note      = {http://mongoosejs.com/}
}

@MISC{B9,
   title     = {{Mongo DB}},
   note      = {http://mongoosejs.com/}
}

@MISC{B10,
   title     = {{Stack Overflow}},
   note      = {https://es.stackoverflow.com/}
}

@MISC{B11,
   title     = {{Heroku}},
   note      = {https://devcenter.heroku.com/}
}

@MISC{B12,
   title     = {{GitHub Education}},
   note      = {https://education.github.com/}
}

@MISC{B13,
   title     = {{GitHub Classroom}},
   note      = {https://classroom.github.com/}
}

@MISC{B14,
   title     = {{Virtual Programming Lab}},
   note      = {http://vpl.dis.ulpgc.es/}
}


@MISC{B15,
   title     = {{GitHub Student Pack}},
   note      = {https://education.github.com/pack}
}


@MISC{B16,
   title     = {{Material Design}},
   note      = {https://material.io/design/}
}

@MISC{B17,
   title     = {{OAuth}},
   note      = {https://oauth.net/}
}

@MISC{B18,
   title     = {{NPM}},
   note      = {https://www.npmjs.com/}
}

@MISC{B19,
   title     = {{Materialize CSS}},
   note      = {https://materializecss.com/}
}
