

@misc{B1,
    title = {{ghi}},
    year = "2016",
    howpublished = "\url{https://github.com/stephencelis/ghi}",
    note = "[Online; accessed 23-June-2018]"
  }

@misc{B2,
    title = {{ghs}},
    year = "2017",
    howpublished = "\url{https://github.com/sonatard/ghs}",
    note = "[Online; accessed 23-June-2018]"
  }

@misc{B3,
    title = {{GitHub Classroom}},
    year = "2015",
    howpublished = "\url{https://classroom.github.com/}",
    note = "[Online; accessed 23-June-2018]"
  }


@misc{B4,
    title = {{Octokit}},
    year = "2009",
    howpublished = "\url{https://github.com/octokit/octokit.rb}",
    note = "[Online; accessed 23-June-2018]"
  }

@misc{B5,
    title = {{Rubygems}},
    howpublished = "\url{https://rubygems.org/?locale=en}",
    note = "[Online; accessed 23-June-2018]"
  }

@misc{B6,
    title = {{Bundler}},
    howpublished = "\url{https://bundler.io/}",
    note = "[Online; accessed 23-June-2018]"
  }

@misc{B7,
    title = {{YARD}},
    howpublished = "\url{https://yardoc.org/}",
    note = "[Online; accessed 23-June-2018]"
  }

@misc{B8,
    title = {{RSpec}},
    howpublished = "\url{http://rspec.info//}",
    note = "[Online; accessed 23-June-2018]"
  }

@misc{B9,
    title = {{REPL, Read-Eval-Print-Loop}},
    year = "2018",
    howpublished = "\url{https://en.wikipedia.org/wiki/Read%E2%80%93eval%E2%80%93print_loop}",
    note = "[Online; accessed 24-June-2018]"
  }

@misc{B10,
    title = {{Semantic Versioning}},
    howpublished = "\url{https://semver.org/}",
    note = "[Online; accessed 24-June-2018]"
  }

@misc{B11,
    title = {{Code Smells}},
    year = "2018",
    howpublished = "\url{https://en.wikipedia.org/wiki/Code_smell}",
    note = "[Online; accessed 24-June-2018]"
  }

@misc{B12,
    title = {{God Object}},
    year = "2017",
    howpublished = "\url{https://en.wikipedia.org/wiki/God_object}",
    note = "[Online; accessed 24-June-2018]"
  }

@misc{B13,
    title = {{Open/Closed Principle}},
    year = "2018",
    howpublished = "\url{https://en.wikipedia.org/wiki/Open%E2%80%93closed_principle}",
    note = "[Online; accessed 24-June-2018]"
  }

@misc{B15,
    title = {{Hard-coding}},
    year = "2018",
    howpublished = "\url{https://en.wikipedia.org/wiki/Hard_coding}",
    note = "[Online; accessed 24-June-2018]"
  }

@misc{B16,
    title = {{OAuth 2.0: Bearer Token Usage}},
    year = "2012",
    howpublished = "\url{https://tools.ietf.org/html/rfc6750}",
    note = "[Online; accessed 24-June-2018]"
  }

@misc{B17,
    title = {{Bash}},
    year = "2018",
    howpublished = "\url{https://es.wikipedia.org/wiki/Bash}",
    note = "[Online; accessed 24-June-2018]"
  }

@misc{B18,
    title = {{Unix}},
    year = "2018",
    howpublished = "\url{https://en.wikipedia.org/wiki/Unix}",
    note = "[Online; accessed 24-June-2018]"
  }

@misc{B19,
    title = {{Stack}},
    year = "2018",
    howpublished = "\url{https://en.wikipedia.org/wiki/Stack_(abstract_data_type)}",
    note = "[Online; accessed 24-June-2018]"
  }

@misc{B20,
    title = {{URL}},
    year = "2018",
    howpublished = "\url{https://en.wikipedia.org/wiki/URL)}",
    note = "[Online; accessed 24-June-2018]"
  }

@misc{B21,
    title = {{Ruby .dup method}},
    howpublished = "\url{https://ruby-doc.org/core-2.5.0/Object.html#method-i-dup)}",
    note = "[Online; accessed 24-June-2018]"
  }


@misc{B22,
    title = {{Ruby .clone method}},
    howpublished = "\url{https://ruby-doc.org/core-2.5.0/Object.html#method-i-clone)}",
    note = "[Online; accessed 24-June-2018]"
  }

@misc{B23,
    title = {{Ruby Marshal module}},
    howpublished = "\url{https://ruby-doc.org/core-2.5.0/Marshal.html)}",
    note = "[Online; accessed 24-June-2018]"
  }

@misc{B24,
    title = {{Octokit Docs}},
    howpublished = "\url{http://octokit.github.io/octokit.rb/Octokit/Client.html)}",
    note = "[Online; accessed 24-June-2018]"
  }

@misc{B25,
    title = {{Plantilla creaci\'{o}n de equipos.}},
    year = "2018",
    howpublished = "\url{https://github.com/ULL-ESIT-GRADOII-TFG/ghedsh/blob/carlos-refactoring/file_templates/create_teams_template.json)}",
    note = "[Online; accessed 25-June-2018]"
  }

@misc{B26,
    title = {{Plantilla para invitar colaboradores externos.}},
    year = "2018",
    howpublished = "\url{https://github.com/ULL-ESIT-GRADOII-TFG/ghedsh/blob/carlos-refactoring/file_templates/create_teams_template.json)}",
    note = "[Online; accessed 25-June-2018]"
  }


@misc{B27,
    title = "Plantilla para invitar colaboradores externos.",
    year = "2018",
    howpublished = "\url{https://github.com/ULL-ESIT-GRADOII-TFG/ghedsh/blob/carlos-refactoring/file_templates/add_members_template.json}",
    note = "[Online; accessed 25-June-2018]"
  }

@misc{B28,
    title = "Submódulos de git.",
    year = "2018",
    howpublished = "\url{https://git-scm.com/docs/gitsubmodules}",
    note = "[Online; accessed 26-June-2018]"
  }

  @misc{B29,
    title = "Git submodule foreach",
    year = "2018",
    howpublished = "\url{https://git-scm.com/docs/git-submodule#git-submodule-foreach--recursiveltcommandgt}",
    note = "[Online; accessed 27-June-2018]"
  }

  @misc{B30,
    title = "Secure Hash Algorithm (SHA)",
    year = "2018",
    howpublished = "\url{https://es.wikipedia.org/wiki/Secure_Hash_Algorithm}",
    note = "[Online; accessed 27-June-2018]"
  }

  @misc{B31,
    title = "Preparando una tutoria con un alumno usando git, github, ghedsh y ghi",
    year = "2018",
    howpublished = "\url{https://youtu.be/szo8xM1CtYY}",
    note = "[Online; accessed 28-June-2018]"
  }

  @misc{B32,
    title = "Evaluando múltiples asignaciones con ghedsh usando foreach",
    year = "2018",
    howpublished = "\url{https://youtu.be/U4fVvtvi4ts}",
    note = "[Online; accessed 28-June-2018]"
  }

  @misc{B33,
    title = "GitHub Classroom Guide for Teachers",
    year = "2018",
    howpublished = "\url{https://github.com/jfiksel/github-classroom-for-teachers}",
    note = "[Online; accessed 28-June-2018]"
  }

  @misc{B34,
    title = "Foro de la GitHub Education Community sobre grading",
    year = "2018",
    howpublished = "\url{https://education.github.community/search?q=grading}",
    note = "[Online; accessed 28-June-2018]"
  }

  @misc{B35,
    title = "How to grade programming assignments on GitHub",
    year = "2017",
    howpublished = "\url{https://blog.github.com/2017-06-13-how-to-grade-programming-assignments-on-github/}",
    note = "[Online; accessed 28-June-2018]"
  }

   

  %misc{xxx,
    title = "",
    year = "",
    howpublished = "\url{}",
    note = "[Online; accessed 27-June-2018]"
  }

@BOOK{CBle:2010,
   author     = {Carlos Bl\'{e} Jurado},
   title      = {{Dise\~{n}o \'{A}gil con TDD}},
   year       = {2010},
   publisher  = {Lulu}
}

@BOOK{Fowler:1999,
   author     = {Martin Fowler},
   title      = {{Refactoring: Improving the Design of Existing Code}},
   year       = {1999},
   publisher  = {Addison-Wesley}
}

@incollection{jspatterns:2012,
  author      = {Addy Osmani},
  title       = {{Learning JavaScript Design Patterns}},
  publisher   = {O'Reilly},
  year        = {2012},
  pages       = {127},
  chapter     = {12},
}

@incollection{mfowler:1999,
  author      = {Martin Fowler},
  title       = {{Refactoring: Improving the Design of Existing Code}},
  publisher   = {Addison-Wesley},
  year        = {1999},
  pages       = {89-95},
  chapter     = {6},
}
