@BOOK{Fowler:1999,
   author     = {Martin Fowler},
   title      = {{Refactoring: Improving the Design of Existing Code}},
   year       = {1999},
   publisher  = {Addison-Wesley}
}

@BOOK{jspatterns:2012,
  author      = {Addy Osmani},
  title       = {{Learning JavaScript Design Patterns}},
  year        = {2012},
  publisher   = {O'Reilly}
}

@misc{B1,
  title        = {{Octokit}},
  howpublished  = "\url{https://github.com/octokit/octokit.rb}",
  note         = "[Online; accessed 23-June-2018]"
}

@misc{B2,
  title        = {{Ruby Docs}},
  howpublished = "\url{https://ruby-doc.org/core-2.5.0/)}",
  note         = "[Online; accessed 24-June-2018]"
}

@misc{B3,
  title        = {{Git submodule foreach}},
  howpublished = "\url{https://git-scm.com/docs/git-submodule#git-submodule-foreach--recursiveltcommandgt}",
  note         = "[Online; accessed 27-June-2018]"
}
